<record><leader>00000cas a22000007a 4500</leader><controlfield tag="001">10694440</controlfield><controlfield tag="008">840505d18681914wvuwr ne      0    0eng d</controlfield><datafield ind1=" " ind2=" " tag="010"><subfield code="a">sn 84026838 </subfield></datafield><datafield ind1=" " ind2=" " tag="040"><subfield code="a">NPU</subfield><subfield code="b">eng</subfield><subfield code="c">NPU</subfield><subfield code="d">NPX</subfield><subfield code="d">WVC</subfield><subfield code="d">DLC</subfield><subfield code="d">NVK</subfield><subfield code="d">OCL</subfield><subfield code="d">OCLCQ</subfield><subfield code="d">OCLCF</subfield><subfield code="d">OCLCO</subfield></datafield><datafield ind1="1" ind2=" " tag="029"><subfield code="a">AU@</subfield><subfield code="b">000023435051</subfield></datafield><datafield ind1=" " ind2=" " tag="042"><subfield code="a">msc</subfield></datafield><datafield ind1=" " ind2=" " tag="043"><subfield code="a">n-us-wv</subfield></datafield><datafield ind1="0" ind2="0" tag="050"><subfield code="a">Newspaper 10185-X</subfield></datafield><datafield ind1="0" ind2="4" tag="245"><subfield code="a">The Pan-handle news.</subfield></datafield><datafield ind1=" " ind2=" " tag="260"><subfield code="a">Wellsburg, W. Va. :</subfield><subfield code="b">Eugene Tarr,</subfield><subfield code="c">-1914.</subfield></datafield><datafield ind1=" " ind2=" " tag="300"><subfield code="a">v. ;</subfield><subfield code="c">59 cm.</subfield></datafield><datafield ind1=" " ind2=" " tag="310"><subfield code="a">Weekly</subfield></datafield><datafield ind1="1" ind2=" " tag="362"><subfield code="a">Began with Sept. 1, 1868 issue.</subfield><subfield code="z">Cf. Newton, J.H. Hist. of the Pan-Handle.</subfield></datafield><datafield ind1="0" ind2=" " tag="362"><subfield code="a">-v. 46, no. 45 (July 31, 1914).</subfield></datafield><datafield ind1=" " ind2=" " tag="500"><subfield code="a">Editors: A. Glass, F.C. Glass, &lt;1876&gt;.</subfield></datafield><datafield ind1=" " ind2=" " tag="500"><subfield code="a">Publisher varies: Alfred Glass &amp; Son, &lt;1876&gt;-</subfield></datafield><datafield ind1=" " ind2=" " tag="588"><subfield code="a">Description based on: Vol. 3, no. 38 (June 9, 1871).</subfield></datafield><datafield ind1=" " ind2="0" tag="651"><subfield code="a">Wellsburg (W. Va.)</subfield><subfield code="v">Newspapers.</subfield></datafield><datafield ind1=" " ind2="0" tag="651"><subfield code="a">Brooke County (W. Va.)</subfield><subfield code="v">Newspapers.</subfield></datafield><datafield ind1=" " ind2="7" tag="655"><subfield code="a">Newspapers.</subfield><subfield code="2">fast</subfield><subfield code="0">(OCoLC)fst01423814</subfield></datafield><datafield ind1=" " ind2="7" tag="651"><subfield code="a">West Virginia</subfield><subfield code="z">Brooke County.</subfield><subfield code="2">fast</subfield><subfield code="0">(OCoLC)fst01222551</subfield></datafield><datafield ind1=" " ind2="7" tag="651"><subfield code="a">West Virginia</subfield><subfield code="z">Wellsburg.</subfield><subfield code="2">fast</subfield><subfield code="0">(OCoLC)fst01224113</subfield></datafield><datafield ind1=" " ind2=" " tag="752"><subfield code="a">United States</subfield><subfield code="b">West Virginia</subfield><subfield code="c">Brooke</subfield><subfield code="d">Wellsburg.</subfield></datafield><datafield ind1="0" ind2="0" tag="785"><subfield code="t">Wellsburg news</subfield><subfield code="w">(DLC)sn 85059574</subfield></datafield></record>